@ARTICLE{Willett_13,
   author = {{Willett}, K.~W. and {Lintott}, C.~J. and {Bamford}, S.~P. and
	{Masters}, K.~L. and {Simmons}, B.~D. and {Casteels}, K.~R.~V. and
	{Edmondson}, E.~M. and {Fortson}, L.~F. and {Kaviraj}, S. and
	{Keel}, W.~C. and {Melvin}, T. and {Nichol}, R.~C. and {Raddick}, M.~J. and
	{Schawinski}, K. and {Simpson}, R.~J. and {Skibba}, R.~A. and
	{Smith}, A.~M. and {Thomas}, D.},
    title = "{Galaxy Zoo 2: detailed morphological classifications for 304 122 galaxies from the Sloan Digital Sky Survey}",
  journal = {MNRAS},
archivePrefix = "arXiv",
   eprint = {1308.3496},
 keywords = {methods: data analysis, catalogues, galaxies: elliptical and lenticular, galaxies: general, galaxies: spiral},
     year = 2013,
    month = nov,
   volume = 435,
    pages = {2835-2860},
      doi = {10.1093/mnras/stt1458},
   adsurl = {http://adsabs.harvard.edu/abs/2013MNRAS.435.2835W},
  adsnote = {Provided by the SAO/NASA Astrophysics Data System}
}

@ARTICLE{Baldry_06,
   author = {{Baldry}, I.~K. and {Balogh}, M.~L. and {Bower}, R.~G. and {Glazebrook}, K. and
	{Nichol}, R.~C. and {Bamford}, S.~P. and {Budavari}, T.},
    title = "{Galaxy bimodality versus stellar mass and environment}",
  journal = {MNRAS},
   eprint = {astro-ph/0607648},
 keywords = {galaxies: evolution, galaxies: fundamental parameters, galaxies: luminosity function, mass function},
     year = 2006,
    month = dec,
   volume = 373,
    pages = {469-483},
      doi = {10.1111/j.1365-2966.2006.11081.x},
   adsurl = {http://adsabs.harvard.edu/abs/2006MNRAS.373..469B},
  adsnote = {Provided by the SAO/NASA Astrophysics Data System}
}

@ARTICLE{Bamford_09,
   author = {{Bamford}, S.~P. and {Nichol}, R.~C. and {Baldry}, I.~K. and
	{Land}, K. and {Lintott}, C.~J. and {Schawinski}, K. and {Slosar}, A. and
	{Szalay}, A.~S. and {Thomas}, D. and {Torki}, M. and {Andreescu}, D. and
	{Edmondson}, E.~M. and {Miller}, C.~J. and {Murray}, P. and
	{Raddick}, M.~J. and {Vandenberg}, J.},
    title = "{Galaxy Zoo: the dependence of morphology and colour on environment}",
  journal = {MNRAS},
archivePrefix = "arXiv",
   eprint = {0805.2612},
 keywords = {galaxies: clusters: general , galaxies: evolution , galaxies: fundamental parameters , galaxies: statistics , galaxies: structure},
     year = 2009,
    month = mar,
   volume = 393,
    pages = {1324-1352},
      doi = {10.1111/j.1365-2966.2008.14252.x},
   adsurl = {http://adsabs.harvard.edu/abs/2009MNRAS.393.1324B},
  adsnote = {Provided by the SAO/NASA Astrophysics Data System}
}

@ARTICLE{Casteels_13,
   author = {{Casteels}, K.~R.~V. and {Bamford}, S.~P. and {Skibba}, R.~A. and
	{Masters}, K.~L. and {Lintott}, C.~J. and {Keel}, W.~C. and
	{Schawinski}, K. and {Nichol}, R.~C. and {Smith}, A.~M.},
    title = "{Galaxy Zoo: quantifying morphological indicators of galaxy interaction}",
  journal = {MNRAS},
archivePrefix = "arXiv",
   eprint = {1206.5020},
 keywords = {galaxies: evolution, galaxies: general, galaxies: interactions, galaxies: structure},
     year = 2013,
    month = feb,
   volume = 429,
    pages = {1051-1065},
      doi = {10.1093/mnras/sts391},
   adsurl = {http://adsabs.harvard.edu/abs/2013MNRAS.429.1051C},
  adsnote = {Provided by the SAO/NASA Astrophysics Data System}
}


@ARTICLE{Lintott_11,
   author = {{Lintott}, C. and {Schawinski}, K. and {Bamford}, S. and {Slosar}, A. and
	{Land}, K. and {Thomas}, D. and {Edmondson}, E. and {Masters}, K. and
	{Nichol}, R.~C. and {Raddick}, M.~J. and {Szalay}, A. and {Andreescu}, D. and
	{Murray}, P. and {Vandenberg}, J.},
    title = "{Galaxy Zoo 1: data release of morphological classifications for nearly 900 000 galaxies}",
  journal = {MNRAS},
archivePrefix = "arXiv",
   eprint = {1007.3265},
 primaryClass = "astro-ph.GA",
 keywords = {methods: data analysis, galaxies: elliptical and lenticular, cD, galaxies: general, galaxies: spiral},
     year = 2011,
    month = jan,
   volume = 410,
    pages = {166-178},
      doi = {10.1111/j.1365-2966.2010.17432.x},
   adsurl = {http://adsabs.harvard.edu/abs/2011MNRAS.410..166L},
  adsnote = {Provided by the SAO/NASA Astrophysics Data System}
}

@ARTICLE{Dobbs_10,
   author = {{Dobbs}, C.~L. and {Theis}, C. and {Pringle}, J.~E. and {Bate}, M.~R.
	},
    title = "{Simulations of the grand design galaxy M51: a case study for analysing tidally induced spiral structure}",
  journal = {MNRAS},
archivePrefix = "arXiv",
   eprint = {0912.1201},
 keywords = {hydrodynamics, ISM: clouds, galaxies: ISM, galaxies: kinematics and dynamics, galaxies: spiral, galaxies: structure},
     year = 2010,
    month = apr,
   volume = 403,
    pages = {625-645},
      doi = {10.1111/j.1365-2966.2009.16161.x},
   adsurl = {http://adsabs.harvard.edu/abs/2010MNRAS.403..625D},
  adsnote = {Provided by the SAO/NASA Astrophysics Data System}
}


@ARTICLE{EE_82,
   author = {{Elmegreen}, D.~M. and {Elmegreen}, B.~G.},
    title = "{Flocculent and grand design spiral structure in field, binary and group galaxies}",
  journal = {MNRAS},
 keywords = {Astronomical Catalogs, Barred Galaxies, Galactic Clusters, Galactic Structure, Spatial Distribution, Spiral Galaxies, Classifications, Density Wave Model, Flocculating},
     year = 1982,
    month = dec,
   volume = 201,
    pages = {1021-1034},
   adsurl = {http://adsabs.harvard.edu/abs/1982MNRAS.201.1021E},
  adsnote = {Provided by the SAO/NASA Astrophysics Data System}
}

@ARTICLE{EE_82b,
   author = {{Elmegreen}, D.~M. and {Elmegreen}, B.~G. and {Dressler}, A.
	},
    title = "{Flocculent and grand design spiral arm structure in cluster galaxies}",
  journal = {MNRAS},
 keywords = {Galactic Clusters, Galactic Structure, Spiral Galaxies, Classifications, Luminosity, Red Shift},
     year = 1982,
    month = dec,
   volume = 201,
    pages = {1035-1039},
   adsurl = {http://adsabs.harvard.edu/abs/1982MNRAS.201.1035E},
  adsnote = {Provided by the SAO/NASA Astrophysics Data System}
}

@ARTICLE{EE_83,
   author = {{Elmegreen}, B.~G. and {Elmegreen}, D.~M.},
    title = "{Flocculent and grand design spiral galaxies in groups - Time scales for the persistence of grand design spiral structures}",
  journal = {ApJ},
 keywords = {Barred Galaxies, Collision Rates, Galactic Clusters, Galactic Evolution, Galactic Structure, Spiral Galaxies, Correlation, Least Squares Method},
     year = 1983,
    month = apr,
   volume = 267,
    pages = {31-34},
      doi = {10.1086/160842},
   adsurl = {http://adsabs.harvard.edu/abs/1983ApJ...267...31E},
  adsnote = {Provided by the SAO/NASA Astrophysics Data System}
}

@ARTICLE{Romanishin_85,
   author = {{Romanishin}, W.},
    title = "{Star formation in grand design and flocculent spiral galaxies}",
  journal = {ApJ},
 keywords = {Galactic Structure, Spiral Galaxies, Star Formation, Stellar Color, Hubble Constant, Hydrogen, Neutral Gases, Star Formation Rate},
     year = 1985,
    month = feb,
   volume = 289,
    pages = {570-573},
      doi = {10.1086/162917},
   adsurl = {http://adsabs.harvard.edu/abs/1985ApJ...289..570R},
  adsnote = {Provided by the SAO/NASA Astrophysics Data System}
}

@ARTICLE{EE_86,
   author = {{Elmegreen}, B.~G. and {Elmegreen}, D.~M.},
    title = "{Do density waves trigger star formation?}",
  journal = {ApJ},
 keywords = {Density Wave Model, Galactic Structure, Spiral Galaxies, Star Formation, Galactic Evolution, Metallicity, Star Formation Rate, Stellar Color, Stellar Evolution, Stellar Luminosity},
     year = 1986,
    month = dec,
   volume = 311,
    pages = {554-562},
      doi = {10.1086/164795},
   adsurl = {http://adsabs.harvard.edu/abs/1986ApJ...311..554E},
  adsnote = {Provided by the SAO/NASA Astrophysics Data System}
}

@ARTICLE{Choi_15,
   author = {{Choi}, Y. and {Dalcanton}, J.~J. and {Williams}, B.~F. and
	{Weisz}, D.~R. and {Skillman}, E.~D. and {Fouesneau}, M. and
	{Dolphin}, A.~E.},
    title = "{Testing Density Wave Theory with Resolved Stellar Populations around Spiral Arms in M81}",
  journal = {ApJ},
archivePrefix = "arXiv",
   eprint = {1507.07000},
 keywords = {galaxies: individual: M81, galaxies: ISM, galaxies: kinematics and dynamics, galaxies: spiral, galaxies: star formation},
     year = 2015,
    month = sep,
   volume = 810,
      eid = {9},
    pages = {9},
      doi = {10.1088/0004-637X/810/1/9},
   adsurl = {http://adsabs.harvard.edu/abs/2015ApJ...810....9C},
  adsnote = {Provided by the SAO/NASA Astrophysics Data System}
}

@ARTICLE{Foyle_11,
   author = {{Foyle}, K. and {Rix}, H.-W. and {Dobbs}, C.~L. and {Leroy}, A.~K. and
	{Walter}, F.},
    title = "{Observational Evidence Against Long-lived Spiral Arms in Galaxies}",
  journal = {ApJ},
archivePrefix = "arXiv",
   eprint = {1105.5141},
 keywords = {galaxies: general, galaxies: ISM, galaxies: spiral, galaxies: star formation, methods: numerical, methods: observational},
     year = 2011,
    month = jul,
   volume = 735,
      eid = {101},
    pages = {101},
      doi = {10.1088/0004-637X/735/2/101},
   adsurl = {http://adsabs.harvard.edu/abs/2011ApJ...735..101F},
  adsnote = {Provided by the SAO/NASA Astrophysics Data System}
}

@ARTICLE{Kendall_11,
   author = {{Kendall}, S. and {Kennicutt}, R.~C. and {Clarke}, C.},
    title = "{Spiral structure in nearby galaxies - I. Sample, data analysis and overview of results}",
  journal = {MNRAS},
archivePrefix = "arXiv",
   eprint = {1101.5764},
 keywords = {galaxies: spiral, galaxies: structure, infrared: galaxies},
     year = 2011,
    month = jun,
   volume = 414,
    pages = {538-564},
      doi = {10.1111/j.1365-2966.2011.18422.x},
   adsurl = {http://adsabs.harvard.edu/abs/2011MNRAS.414..538K},
  adsnote = {Provided by the SAO/NASA Astrophysics Data System}
}

@ARTICLE{EE_89,
   author = {{Elmegreen}, B.~G. and {Elmegreen}, D.~M.},
    title = "{On the relative frequency of flocculent and grand design spiral structures in barred galaxies}",
  journal = {ApJ},
 keywords = {Barred Galaxies, Galactic Rotation, Galactic Structure, Spiral Galaxies, Corotation, Galactic Evolution, Orbital Resonances (Celestial Mechanics)},
     year = 1989,
    month = jul,
   volume = 342,
    pages = {677-679},
      doi = {10.1086/167628},
   adsurl = {http://adsabs.harvard.edu/abs/1989ApJ...342..677E},
  adsnote = {Provided by the SAO/NASA Astrophysics Data System}
}

@ARTICLE{Lin_64,
   author = {{Lin}, C.~C. and {Shu}, F.~H.},
    title = "{On the Spiral Structure of Disk Galaxies.}",
  journal = {ApJ},
     year = 1964,
    month = aug,
   volume = 140,
    pages = {646},
      doi = {10.1086/147955},
   adsurl = {http://adsabs.harvard.edu/abs/1964ApJ...140..646L},
  adsnote = {Provided by the SAO/NASA Astrophysics Data System}
}

@ARTICLE{Donghia_13,
   author = {{D'Onghia}, E. and {Vogelsberger}, M. and {Hernquist}, L.},
    title = "{Self-perpetuating Spiral Arms in Disk Galaxies}",
  journal = {ApJ},
archivePrefix = "arXiv",
   eprint = {1204.0513},
 keywords = {galaxies: kinematics and dynamics, galaxies: spiral, methods: numerical },
     year = 2013,
    month = mar,
   volume = 766,
      eid = {34},
    pages = {34},
      doi = {10.1088/0004-637X/766/1/34},
   adsurl = {http://adsabs.harvard.edu/abs/2013ApJ...766...34D},
  adsnote = {Provided by the SAO/NASA Astrophysics Data System}
}

@ARTICLE{Fujii_11,
   author = {{Fujii}, M.~S. and {Baba}, J. and {Saitoh}, T.~R. and {Makino}, J. and
	{Kokubo}, E. and {Wada}, K.},
    title = "{The Dynamics of Spiral Arms in Pure Stellar Disks}",
  journal = {ApJ},
archivePrefix = "arXiv",
   eprint = {1006.1228},
 keywords = {galaxies: kinematics and dynamics, galaxies: spiral, methods: numerical},
     year = 2011,
    month = apr,
   volume = 730,
      eid = {109},
    pages = {109},
      doi = {10.1088/0004-637X/730/2/109},
   adsurl = {http://adsabs.harvard.edu/abs/2011ApJ...730..109F},
  adsnote = {Provided by the SAO/NASA Astrophysics Data System}
}

@ARTICLE{EE_86,
   author = {{Elmegreen}, B.~G. and {Elmegreen}, D.~M.},
    title = "{Do density waves trigger star formation?}",
  journal = {ApJ},
 keywords = {Density Wave Model, Galactic Structure, Spiral Galaxies, Star Formation, Galactic Evolution, Metallicity, Star Formation Rate, Stellar Color, Stellar Evolution, Stellar Luminosity},
     year = 1986,
    month = dec,
   volume = 311,
    pages = {554-562},
      doi = {10.1086/164795},
   adsurl = {http://adsabs.harvard.edu/abs/1986ApJ...311..554E},
  adsnote = {Provided by the SAO/NASA Astrophysics Data System}
}

@ARTICLE{Sellwood_84,
   author = {{Sellwood}, J.~A. and {Carlberg}, R.~G.},
    title = "{Spiral instabilities provoked by accretion and star formation}",
  journal = {ApJ},
 keywords = {Accretion Disks, Galactic Rotation, Galactic Structure, Spiral Galaxies, Star Formation, Barred Galaxies, Computerized Simulation, Galactic Evolution},
     year = 1984,
    month = jul,
   volume = 282,
    pages = {61-74},
      doi = {10.1086/162176},
   adsurl = {http://adsabs.harvard.edu/abs/1984ApJ...282...61S},
  adsnote = {Provided by the SAO/NASA Astrophysics Data System}
}

@ARTICLE{Ann_14,
   author = {{Ann}, H.~B.},
    title = "{Environment Dependence of Disk Morphology of Spiral Galaxies}",
  journal = {Journal of Korean Astronomical Society},
archivePrefix = "arXiv",
   eprint = {1402.4908},
 keywords = {galaxies: structure, galaxies: formation, galaxies: morphology, galaxies: general},
     year = 2014,
    month = feb,
   volume = 47,
    pages = {1-13},
      doi = {10.5303/JKAS.2014.47.1.1},
   adsurl = {http://adsabs.harvard.edu/abs/2014JKAS...47....1A},
  adsnote = {Provided by the SAO/NASA Astrophysics Data System}
}

@ARTICLE{Ann_13,
   author = {{Ann}, H.~B. and {Lee}, H.-R.},
    title = "{Spiral Arm Morphology of Nearby Galaxies}",
  journal = {Journal of Korean Astronomical Society},
 keywords = {galaxies: structure, galaxies: formation, galaxies: morphology, galaxies: general},
     year = 2013,
    month = jun,
   volume = 46,
    pages = {141-149},
      doi = {10.5303/JKAS.2013.46.3.141},
   adsurl = {http://adsabs.harvard.edu/abs/2013JKAS...46..141A},
  adsnote = {Provided by the SAO/NASA Astrophysics Data System}
}

@ARTICLE{Cameron_11,
   author = {{Cameron}, E.},
    title = "{On the Estimation of Confidence Intervals for Binomial Population Proportions in Astronomy: The Simplicity and Superiority of the Bayesian Approach}",
  journal = {PASA},
archivePrefix = "arXiv",
   eprint = {1012.0566},
 primaryClass = "astro-ph.IM",
 keywords = {methods: data analysis, methods: statistical,},
     year = 2011,
    month = jun,
   volume = 28,
    pages = {128-139},
      doi = {10.1071/AS10046},
   adsurl = {http://adsabs.harvard.edu/abs/2011PASA...28..128C},
  adsnote = {Provided by the SAO/NASA Astrophysics Data System}
}

@ARTICLE{Rojas_04,
   author = {{Rojas}, R.~R. and {Vogeley}, M.~S. and {Hoyle}, F. and {Brinkmann}, J.
	},
    title = "{Photometric Properties of Void Galaxies in the Sloan Digital Sky Survey}",
  journal = {ApJ},
   eprint = {astro-ph/0307274},
 keywords = {Cosmology: Observations, Galaxies: Photometry, Galaxies: Structure, Cosmology: Large-Scale Structure of Universe, Methods: Statistical},
     year = 2004,
    month = dec,
   volume = 617,
    pages = {50-63},
      doi = {10.1086/425225},
   adsurl = {http://adsabs.harvard.edu/abs/2004ApJ...617...50R},
  adsnote = {Provided by the SAO/NASA Astrophysics Data System}
}

@ARTICLE{Rojas_05,
   author = {{Rojas}, R.~R. and {Vogeley}, M.~S. and {Hoyle}, F. and {Brinkmann}, J.
	},
    title = "{Spectroscopic Properties of Void Galaxies in the Sloan Digital Sky Survey}",
  journal = {ApJ},
   eprint = {astro-ph/0409074},
 keywords = {Cosmology: Observations, Galaxies: Stellar Content, Cosmology: Large-Scale Structure of Universe, Methods: Statistical},
     year = 2005,
    month = may,
   volume = 624,
    pages = {571-585},
      doi = {10.1086/428476},
   adsurl = {http://adsabs.harvard.edu/abs/2005ApJ...624..571R},
  adsnote = {Provided by the SAO/NASA Astrophysics Data System}
}


@ARTICLE{Ceccarelli_08,
   author = {{Ceccarelli}, L. and {Padilla}, N. and {Lambas}, D.~G.},
    title = "{Large-scale modulation of star formation in void walls}",
  journal = {MNRAS},
archivePrefix = "arXiv",
   eprint = {0805.0790},
 keywords = {large-scale structure of Universe},
     year = 2008,
    month = oct,
   volume = 390,
    pages = {L9-L13},
      doi = {10.1111/j.1745-3933.2008.00520.x},
   adsurl = {http://adsabs.harvard.edu/abs/2008MNRAS.390L...9C},
  adsnote = {Provided by the SAO/NASA Astrophysics Data System}
}

@ARTICLE{Willett_15,
   author = {{Willett}, K.~W. and {Schawinski}, K. and {Simmons}, B.~D. and
	{Masters}, K.~L. and {Skibba}, R.~A. and {Kaviraj}, S. and {Melvin}, T. and
	{Wong}, O.~I. and {Nichol}, R.~C. and {Cheung}, E. and {Lintott}, C.~J. and
	{Fortson}, L.},
    title = "{Galaxy Zoo: the dependence of the star formation-stellar mass relation on spiral disc morphology}",
  journal = {MNRAS},
archivePrefix = "arXiv",
   eprint = {1502.03444},
 keywords = {galaxies: spiral, galaxies: star formation},
     year = 2015,
    month = may,
   volume = 449,
    pages = {820-827},
      doi = {10.1093/mnras/stv307},
   adsurl = {http://adsabs.harvard.edu/abs/2015MNRAS.449..820W},
  adsnote = {Provided by the SAO/NASA Astrophysics Data System}
}

@ARTICLE{Abazijian_09,
   author = {{Abazajian}, K.~N. and {Adelman-McCarthy}, J.~K. and {Ag{\"u}eros}, M.~A. and
	{Allam}, S.~S. and {Allende Prieto}, C. and {An}, D. and {Anderson}, K.~S.~J. and
	{Anderson}, S.~F. and {Annis}, J. and {Bahcall}, N.~A. and et al.},
    title = "{The Seventh Data Release of the Sloan Digital Sky Survey}",
  journal = {ApJS},
archivePrefix = "arXiv",
   eprint = {0812.0649},
 keywords = {atlases, catalogs, surveys},
     year = 2009,
    month = jun,
   volume = 182,
      eid = {543},
    pages = {543-558},
      doi = {10.1088/0067-0049/182/2/543},
   adsurl = {http://adsabs.harvard.edu/abs/2009ApJS..182..543A},
  adsnote = {Provided by the SAO/NASA Astrophysics Data System}
}

@ARTICLE{Smethurst_15,
   author = {{Smethurst}, R.~J. and {Lintott}, C.~J. and {Simmons}, B.~D. and
	{Schawinski}, K. and {Marshall}, P.~J. and {Bamford}, S. and
	{Fortson}, L. and {Kaviraj}, S. and {Masters}, K.~L. and {Melvin}, T. and
	{Nichol}, R.~C. and {Skibba}, R.~A. and {Willett}, K.~W.},
    title = "{Galaxy Zoo: evidence for diverse star formation histories through the green valley}",
  journal = {MNRAS},
archivePrefix = "arXiv",
   eprint = {1501.05955},
 keywords = {galaxies: abundances, galaxies: evolution, galaxies: general, galaxies: photometry, galaxies: statistics},
     year = 2015,
    month = jun,
   volume = 450,
    pages = {435-453},
      doi = {10.1093/mnras/stv161},
   adsurl = {http://adsabs.harvard.edu/abs/2015MNRAS.450..435S},
  adsnote = {Provided by the SAO/NASA Astrophysics Data System}
}

@ARTICLE{Skibba_09,
   author = {{Skibba}, R.~A. and {Bamford}, S.~P. and {Nichol}, R.~C. and
	{Lintott}, C.~J. and {Andreescu}, D. and {Edmondson}, E.~M. and
	{Murray}, P. and {Raddick}, M.~J. and {Schawinski}, K. and {Slosar}, A. and
	{Szalay}, A.~S. and {Thomas}, D. and {Vandenberg}, J.},
    title = "{Galaxy Zoo: disentangling the environmental dependence of morphology and colour}",
  journal = {MNRAS},
archivePrefix = "arXiv",
   eprint = {0811.3970},
 keywords = {methods: statistical , galaxies: clusters: general , galaxies: evolution , galaxies: haloes , galaxies: structure , large-scale structure of Universe},
     year = 2009,
    month = oct,
   volume = 399,
    pages = {966-982},
      doi = {10.1111/j.1365-2966.2009.15334.x},
   adsurl = {http://adsabs.harvard.edu/abs/2009MNRAS.399..966S},
  adsnote = {Provided by the SAO/NASA Astrophysics Data System}
}

@ARTICLE{Knuth_06,
   author = {{Knuth}, K.~H.},
    title = "{Optimal Data-Based Binning for Histograms}",
  journal = {ArXiv Physics e-prints},
   eprint = {physics/0605197},
 keywords = {Physics - Data Analysis, Statistics and Probability, Mathematics - Probability, Mathematics - Statistics Theory, Physics - Computational Physics},
     year = 2006,
    month = may,
   adsurl = {http://adsabs.harvard.edu/abs/2006physics...5197K},
  adsnote = {Provided by the SAO/NASA Astrophysics Data System}
}

@article{Land_08,
	Author = {{Land}, K. and {Slosar}, A. and {Lintott}, C. and {Andreescu}, D. and {Bamford}, S. and {Murray}, P. and {Nichol}, R. and {Raddick}, M.~J. and {Schawinski}, K. and {Szalay}, A. and {Thomas}, D. and {Vandenberg}, J.},
	Journal = {MNRAS},
	Month = aug,
	Pages = {1686-1692},
	Title = {{Galaxy Zoo: the large-scale spin statistics of spiral galaxies in the Sloan Digital Sky Survey}},
	Volume = 388,
	Year = 2008}

@article{Blanton_07,
	Author = {{Blanton}, M.~R. and {Roweis}, S.},
	Journal = {AJ},
	Month = feb,
	Pages = {734-754},
	Title = {{K-Corrections and Filter Transformations in the Ultraviolet, Optical, and Near-Infrared}},
	Volume = 133,
	Year = 2007}

@ARTICLE{Cappellari_03,
   author = {{Cappellari}, M. and {Copin}, Y.},
    title = "{Adaptive spatial binning of integral-field spectroscopic data using Voronoi tessellations}",
  journal = {MNRAS},
   eprint = {astro-ph/0302262},
 keywords = {methods: data analysis, techniques: photometric, techniques: spectroscopic},
     year = 2003,
    month = jun,
   volume = 342,
    pages = {345-354},
      doi = {10.1046/j.1365-8711.2003.06541.x},
   adsurl = {http://adsabs.harvard.edu/abs/2003MNRAS.342..345C},
  adsnote = {Provided by the SAO/NASA Astrophysics Data System}
}

@ARTICLE{Lintott_08,
   author = {{Lintott}, C.~J. and {Schawinski}, K. and {Slosar}, A. and {Land}, K. and 
	{Bamford}, S. and {Thomas}, D. and {Raddick}, M.~J. and {Nichol}, R.~C. and 
	{Szalay}, A. and {Andreescu}, D. and {Murray}, P. and {Vandenberg}, J.
	},
    title = "{Galaxy Zoo: morphologies derived from visual inspection of galaxies from the Sloan Digital Sky Survey}",
  journal = {MNRAS},
archivePrefix = "arXiv",
   eprint = {0804.4483},
 keywords = {methods: data analysis , galaxies: elliptical and lenticular, cD , galaxies: general , galaxies: spiral},
     year = 2008,
    month = sep,
   volume = 389,
    pages = {1179-1189},
      doi = {10.1111/j.1365-2966.2008.13689.x},
   adsurl = {http://adsabs.harvard.edu/abs/2008MNRAS.389.1179L},
  adsnote = {Provided by the SAO/NASA Astrophysics Data System}
}


@ARTICLE{Masters_10a,
   author = {{Masters}, K.~L. and {Nichol}, R. and {Bamford}, S. and {Mosleh}, M. and 
	{Lintott}, C.~J. and {Andreescu}, D. and {Edmondson}, E.~M. and 
	{Keel}, W.~C. and {Murray}, P. and {Raddick}, M.~J. and {Schawinski}, K. and 
	{Slosar}, A. and {Szalay}, A.~S. and {Thomas}, D. and {Vandenberg}, J.
	},
    title = "{Galaxy Zoo: dust in spiral galaxies}",
  journal = {MNRAS},
archivePrefix = "arXiv",
   eprint = {1001.1744},
 keywords = {surveys, dust, extinction, galaxies: fundamental parameters, galaxies: photometry, galaxies: spiral},
     year = 2010,
    month = may,
   volume = 404,
    pages = {792-810},
      doi = {10.1111/j.1365-2966.2010.16335.x},
   adsurl = {http://adsabs.harvard.edu/abs/2010MNRAS.404..792M},
  adsnote = {Provided by the SAO/NASA Astrophysics Data System}
}


@ARTICLE{Masters_10b,
   author = {{Masters}, K.~L. and {Mosleh}, M. and {Romer}, A.~K. and {Nichol}, R.~C. and 
	{Bamford}, S.~P. and {Schawinski}, K. and {Lintott}, C.~J. and 
	{Andreescu}, D. and {Campbell}, H.~C. and {Crowcroft}, B. and 
	{Doyle}, I. and {Edmondson}, E.~M. and {Murray}, P. and {Raddick}, M.~J. and 
	{Slosar}, A. and {Szalay}, A.~S. and {Vandenberg}, J.},
    title = "{Galaxy Zoo: passive red spirals}",
  journal = {MNRAS},
archivePrefix = "arXiv",
   eprint = {0910.4113},
 keywords = {surveys, galaxies: active, galaxies: evolution, galaxies: photometry, galaxies: spiral},
     year = 2010,
    month = jun,
   volume = 405,
    pages = {783-799},
      doi = {10.1111/j.1365-2966.2010.16503.x},
   adsurl = {http://adsabs.harvard.edu/abs/2010MNRAS.405..783M},
  adsnote = {Provided by the SAO/NASA Astrophysics Data System}
}


@ARTICLE{Schawinski_14,
   author = {{Schawinski}, K. and {Urry}, C.~M. and {Simmons}, B.~D. and 
	{Fortson}, L. and {Kaviraj}, S. and {Keel}, W.~C. and {Lintott}, C.~J. and 
	{Masters}, K.~L. and {Nichol}, R.~C. and {Sarzi}, M. and {Skibba}, R. and 
	{Treister}, E. and {Willett}, K.~W. and {Wong}, O.~I. and {Yi}, S.~K.
	},
    title = "{The green valley is a red herring: Galaxy Zoo reveals two evolutionary pathways towards quenching of star formation in early- and late-type galaxies}",
  journal = {MNRAS},
archivePrefix = "arXiv",
   eprint = {1402.4814},
 keywords = {galaxies: active, galaxies: elliptical and lenticular, cD, galaxies: evolution, galaxies: spiral},
     year = 2014,
    month = may,
   volume = 440,
    pages = {889-907},
      doi = {10.1093/mnras/stu327},
   adsurl = {http://adsabs.harvard.edu/abs/2014MNRAS.440..889S},
  adsnote = {Provided by the SAO/NASA Astrophysics Data System}
}


@ARTICLE{Tojeiro_13,
   author = {{Tojeiro}, R. and {Masters}, K.~L. and {Richards}, J. and {Percival}, W.~J. and 
	{Bamford}, S.~P. and {Maraston}, C. and {Nichol}, R.~C. and 
	{Skibba}, R. and {Thomas}, D.},
    title = "{The different star formation histories of blue and red spiral and elliptical galaxies}",
  journal = {MNRAS},
archivePrefix = "arXiv",
   eprint = {1303.3551},
 keywords = {surveys, galaxies: evolution, galaxies: statistics, galaxies: stellar content},
     year = 2013,
    month = jun,
   volume = 432,
    pages = {359-373},
      doi = {10.1093/mnras/stt484},
   adsurl = {http://adsabs.harvard.edu/abs/2013MNRAS.432..359T},
  adsnote = {Provided by the SAO/NASA Astrophysics Data System}
}



@ARTICLE{Cheung_13,
   author = {{Cheung}, E. and {Athanassoula}, E. and {Masters}, K.~L. and 
	{Nichol}, R.~C. and {Bosma}, A. and {Bell}, E.~F. and {Faber}, S.~M. and 
	{Koo}, D.~C. and {Lintott}, C. and {Melvin}, T. and {Schawinski}, K. and 
	{Skibba}, R.~A. and {Willett}, K.~W.},
    title = "{Galaxy Zoo: Observing Secular Evolution through Bars}",
  journal = {ApJ},
archivePrefix = "arXiv",
   eprint = {1310.2941},
 keywords = {galaxies: bulges, galaxies: evolution, galaxies: formation, galaxies: spiral, galaxies: statistics, galaxies: structure },
     year = 2013,
    month = dec,
   volume = 779,
      eid = {162},
    pages = {162},
      doi = {10.1088/0004-637X/779/2/162},
   adsurl = {http://adsabs.harvard.edu/abs/2013ApJ...779..162C},
  adsnote = {Provided by the SAO/NASA Astrophysics Data System}
}

@ARTICLE{Masters_11,
   author = {{Masters}, K.~L. and {Nichol}, R.~C. and {Hoyle}, B. and {Lintott}, C. and 
	{Bamford}, S.~P. and {Edmondson}, E.~M. and {Fortson}, L. and 
	{Keel}, W.~C. and {Schawinski}, K. and {Smith}, A.~M. and {Thomas}, D.
	},
    title = "{Galaxy Zoo: bars in disc galaxies}",
  journal = {MNRAS},
archivePrefix = "arXiv",
   eprint = {1003.0449},
 keywords = {surveys, galaxies: bulges, galaxies: evolution, galaxies: photometry, galaxies: spiral, galaxies: structure},
     year = 2011,
    month = mar,
   volume = 411,
    pages = {2026-2034},
      doi = {10.1111/j.1365-2966.2010.17834.x},
   adsurl = {http://adsabs.harvard.edu/abs/2011MNRAS.411.2026M},
  adsnote = {Provided by the SAO/NASA Astrophysics Data System}
}


@ARTICLE{Masters_12,
   author = {{Masters}, K.~L. and {Nichol}, R.~C. and {Haynes}, M.~P. and 
	{Keel}, W.~C. and {Lintott}, C. and {Simmons}, B. and {Skibba}, R. and 
	{Bamford}, S. and {Giovanelli}, R. and {Schawinski}, K.},
    title = "{Galaxy Zoo and ALFALFA: atomic gas and the regulation of star formation in barred disc galaxies}",
  journal = {MNRAS},
archivePrefix = "arXiv",
   eprint = {1205.5271},
 keywords = {surveys, galaxies: evolution, galaxies: ISM, galaxies: spiral, galaxies: statistics, galaxies: structure },
     year = 2012,
    month = aug,
   volume = 424,
    pages = {2180-2192},
      doi = {10.1111/j.1365-2966.2012.21377.x},
   adsurl = {http://adsabs.harvard.edu/abs/2012MNRAS.424.2180M},
  adsnote = {Provided by the SAO/NASA Astrophysics Data System}
}


@ARTICLE{Melvin_14,
   author = {{Melvin}, T. and {Masters}, K. and {Lintott}, C. and {Nichol}, R.~C. and 
	{Simmons}, B. and {Bamford}, S.~P. and {Casteels}, K.~R.~V. and 
	{Cheung}, E. and {Edmondson}, E.~M. and {Fortson}, L. and {Schawinski}, K. and 
	{Skibba}, R.~A. and {Smith}, A.~M. and {Willett}, K.~W.},
    title = "{Galaxy Zoo: an independent look at the evolution of the bar fraction over the last eight billion years from HST-COSMOS}",
  journal = {MNRAS},
archivePrefix = "arXiv",
   eprint = {1401.3334},
 keywords = {galaxies: evolution, galaxies: spiral, galaxies: structure},
     year = 2014,
    month = mar,
   volume = 438,
    pages = {2882-2897},
      doi = {10.1093/mnras/stt2397},
   adsurl = {http://adsabs.harvard.edu/abs/2014MNRAS.438.2882M},
  adsnote = {Provided by the SAO/NASA Astrophysics Data System}
}


@ARTICLE{Simmons_14,
   author = {{Simmons}, B.~D. and {Melvin}, T. and {Lintott}, C. and {Masters}, K.~L. and 
	{Willett}, K.~W. and {Keel}, W.~C. and {Smethurst}, R.~J. and 
	{Cheung}, E. and {Nichol}, R.~C. and {Schawinski}, K. and {Rutkowski}, M. and 
	{Kartaltepe}, J.~S. and {Bell}, E.~F. and {Casteels}, K.~R.~V. and 
	{Conselice}, C.~J. and {Almaini}, O. and {Ferguson}, H.~C. and 
	{Fortson}, L. and {Hartley}, W. and {Kocevski}, D. and {Koekemoer}, A.~M. and 
	{McIntosh}, D.~H. and {Mortlock}, A. and {Newman}, J.~A. and 
	{Ownsworth}, J. and {Bamford}, S. and {Dahlen}, T. and {Faber}, S.~M. and 
	{Finkelstein}, S.~L. and {Fontana}, A. and {Galametz}, A. and 
	{Grogin}, N.~A. and {Gr{\"u}tzbauch}, R. and {Guo}, Y. and {H{\"a}u{\ss}ler}, B. and 
	{Jek}, K.~J. and {Kaviraj}, S. and {Lucas}, R.~A. and {Peth}, M. and 
	{Salvato}, M. and {Wiklind}, T. and {Wuyts}, S.},
    title = "{Galaxy Zoo: CANDELS barred discs and bar fractions}",
  journal = {MNRAS},
archivePrefix = "arXiv",
   eprint = {1409.1214},
 keywords = {galaxies: evolution, galaxies: general, galaxies: spiral, galaxies: structure},
     year = 2014,
    month = dec,
   volume = 445,
    pages = {3466-3474},
      doi = {10.1093/mnras/stu1817},
   adsurl = {http://adsabs.harvard.edu/abs/2014MNRAS.445.3466S},
  adsnote = {Provided by the SAO/NASA Astrophysics Data System}
}


@ARTICLE{Brinchmann_04,
   author = {{Brinchmann}, J. and {Charlot}, S. and {White}, S.~D.~M. and 
	{Tremonti}, C. and {Kauffmann}, G. and {Heckman}, T. and {Brinkmann}, J.
	},
    title = "{The physical properties of star-forming galaxies in the low-redshift Universe}",
  journal = {MNRAS},
   eprint = {astro-ph/0311060},
 keywords = {surveys, galaxies: abundances, galaxies: evolution, galaxies: fundamental parameters, galaxies: general},
     year = 2004,
    month = jul,
   volume = 351,
    pages = {1151-1179},
      doi = {10.1111/j.1365-2966.2004.07881.x},
   adsurl = {http://adsabs.harvard.edu/abs/2004MNRAS.351.1151B},
  adsnote = {Provided by the SAO/NASA Astrophysics Data System}
}



@ARTICLE{Salim_07,
   author = {{Salim}, S. and {Rich}, R.~M. and {Charlot}, S. and {Brinchmann}, J. and 
	{Johnson}, B.~D. and {Schiminovich}, D. and {Seibert}, M. and 
	{Mallery}, R. and {Heckman}, T.~M. and {Forster}, K. and {Friedman}, P.~G. and 
	{Martin}, D.~C. and {Morrissey}, P. and {Neff}, S.~G. and {Small}, T. and 
	{Wyder}, T.~K. and {Bianchi}, L. and {Donas}, J. and {Lee}, Y.-W. and 
	{Madore}, B.~F. and {Milliard}, B. and {Szalay}, A.~S. and {Welsh}, B.~Y. and 
	{Yi}, S.~K.},
    title = "{UV Star Formation Rates in the Local Universe}",
  journal = {ApJS},
archivePrefix = "arXiv",
   eprint = {0704.3611},
 keywords = {Galaxies: Active, Galaxies: Evolution, Galaxies: Fundamental Parameters, Surveys, Ultraviolet: Galaxies},
     year = 2007,
    month = dec,
   volume = 173,
    pages = {267-292},
      doi = {10.1086/519218},
   adsurl = {http://adsabs.harvard.edu/abs/2007ApJS..173..267S},
  adsnote = {Provided by the SAO/NASA Astrophysics Data System}
}
